% !TeX encoding = UTF-8


@article{shaw2023leaphand,
      title={LEAP Hand: Low-Cost, Efficient, and Anthropomorphic Hand for Robot Learning},
      author={Shaw, Kenneth and Agarwal, Ananye and Pathak, Deepak},
      journal={Robotics: Science and Systems (RSS)},
      year={2023},
      urldate={2025-05-02}}

@article{Park2020,
   author = {Hyeonjun Park and Donghan Kim},
   doi = {10.1016/J.OHX.2020.E00100},
   issn = {2468-0672},
   journal = {HardwareX},
   keywords = {Anthropomorphic robot hand,Four-bar linkage mechanism,Modular robot finger,Multi-finger end-effector,Under-actuated mechanism},
   month = {2},
   pages = {e00100},
   publisher = {Elsevier},
   title = {An open-source anthropomorphic robot hand system: HRI hand},
   volume = {7},
   year = {2020}
}


@misc{Nano,
   title = {Robot Nano Hand - open source robot hand project},
   url = {https://robotnanohand.com/}
}

@misc{oceantrix,
   title = {Dexterous Robotic Hand - OceanTrix Robotics Since 1996},
   url = {https://oceantrix.com/robotic-hand/},
   urldate={2025-05-02}
}

@misc{agile,
   title = {Agile Hand – the human-like robotic hand},
   url = {https://www.agile-robots.com/en/solutions/agile-hand}
}


@article{Nurpeissova2021,
   author = {Ayaulym Nurpeissova and Talgat Tursynbekov and Almas Shintemirov},
   doi = {10.1109/ICRA48506.2021.9561977},
   isbn = {9781728190778},
   issn = {10504729},
   journal = {Proceedings - IEEE International Conference on Robotics and Automation},
   month = {5},
   pages = {1177-1183},
   publisher = {Institute of Electrical and Electronics Engineers Inc.},
   title = {An Open-Source Mechanical Design of Alaris Hand: A 6-DOF Anthropomorphic Robotic Hand},
   year = {2021}
}

@misc{Tekscan2014,
  author       = {Tekscan},
  title        = {FlexiForce},
  howpublished = {\url{http://www.tekscan.com/flexiforce.html}},
  note         = {[Online]. Available: http://www.tekscan.com/flexiforce.html},
  year         = {2014}
}
@misc{Biotac12,
  author       = {Syntouch},
  title        = {Biotac},
  howpublished = {\url{https://www.syntouchinc.com/wp-content/uploads/2018/08/BioTac-Manual-V.21.pdf}},
  year         = {2018}
}

@article{Jamone2015,
   author = {Lorenzo Jamone and Lorenzo Natale and Metta Giorgio and Giulio Sandini},
   doi = {10.1109/JSEN.2015.2417759},
   issue = {8},
   journal = {IEEE Sensors Journal},
   month = {3},
   pages = {4226 - 4233},
   title = {Highly sensitive soft tactile sensors for an anthropomorphic robotic hand},
   volume = {15},
   url = {https://ieeexplore.ieee.org/abstract/document/7070742/},
   year = {2015}
}
@article{Yan2021,
   author = {Youcan Yan and Zhe Hu and Zhengbao Yang and Wenzhen Yuan and Chaoyang Song and Jia Pan and Yajing Shen},
   doi = {10.1126/SCIROBOTICS.ABC8801},
   issn = {24709476},
   issue = {51},
   journal = {Science Robotics},
   month = {2},
   pmid = {34043530},
   publisher = {American Association for the Advancement of Science},
   title = {Soft magnetic skin for super-resolution tactile sensing with force self-decoupling},
   volume = {6},
   year = {2021}
}
@article{Kawasetsu2018,
   author = {Takumi Kawasetsu and Takato Horii and Hisashi Ishihara and Minoru Asada},
   doi = {10.3390/S18020587},
   issn = {1424-8220},
   issue = {2},
   journal = {Sensors},
   keywords = {flexible materials,force and tactile sensing,magnetic flux measurements,magnetorheological elastomer,robotic skin,tactile sensor},
   month = {2},
   pages = {587},
   pmid = {29443916},
   publisher = {Multidisciplinary Digital Publishing Institute},
   title = {Mexican-Hat-Like Response in a Flexible Tactile Sensor Using a Magnetorheological Elastomer},
   volume = {18},
   url = {https://www.mdpi.com/1424-8220/18/2/587/htm https://www.mdpi.com/1424-8220/18/2/587},
   year = {2018}
}

@article{Yang2022,
   author = {Huiwen Yang and Ling Weng and Bowen Wang and Wenmei Huang},
   doi = {10.1109/JSEN.2022.3145822},
   issn = {15581748},
   issue = {5},
   journal = {IEEE Sensors Journal},
   keywords = {Galfenol,Inverse magnetostrictive effect,high sensitivity,robotic tactile perception,tunnel magnetoresistance},
   month = {3},
   pages = {4004-4013},
   publisher = {Institute of Electrical and Electronics Engineers Inc.},
   title = {Design and Characterization of High-Sensitivity Magnetostrictive Tactile Sensor Array},
   volume = {22},
   year = {2022}
}
@article{Alfadhel2016,
   author = {Ahmed Alfadhel and Mohammed Asadullah Khan and Susana Cardoso and Diana Leitao and Jürgen Kosel},
   doi = {10.3390/S16050650},
   issn = {1424-8220},
   issue = {5},
   journal = {Sensors},
   keywords = {cilia,giant magnetoresistance,harsh environment,high temperature,magnetic nanocomposite,nanowires,spin,tactile sensor,valve},
   month = {5},
   pages = {650},
   publisher = {Multidisciplinary Digital Publishing Institute},
   title = {A Magnetoresistive Tactile Sensor for Harsh Environment Applications},
   volume = {16},
   url = {https://www.mdpi.com/1424-8220/16/5/650/htm https://www.mdpi.com/1424-8220/16/5/650},
   year = {2016}
}

@article{Canavese2014,
   author = {Giancarlo Canavese and Stefano Stassi and Carmelo Fallauto and Simone Corbellini and Valentina Cauda and Vittorio Camarchia and Marco Pirola and Candido Fabrizio Pirri},
   doi = {10.1016/j.sna.2013.11.018},
   issn = {09244247},
   journal = {Sensors and Actuators, A: Physical},
   month = {2},
   pages = {1-9},
   publisher = {Elsevier B.V.},
   title = {Piezoresistive flexible composite for robotic tactile applications},
   volume = {208},
   year = {2014},
}

@article{Stassi2014,
   author = {Stefano Stassi and Valentina Cauda and Giancarlo Canavese and Candido Fabrizio Pirri},
   doi = {10.3390/S140305296},
   issn = {1424-8220},
   issue = {3},
   journal = {Sensors},
   month = {3},
   pages = {5296-5332},
   pmid = {24638126},
   publisher = {Multidisciplinary Digital Publishing Institute},
   title = {Flexible Tactile Sensing Based on Piezoresistive Composites:  A Review},
   volume = {14},
   url = {https://www.mdpi.com/1424-8220/14/3/5296/htm https://www.mdpi.com/1424-8220/14/3/5296},
   year = {2014},
}

@article{Yin2023,
   author = {Feifei Yin and Hongsen Niu and Eun Seong Kim and Young Kee Shin and Yang Li and Nam Young Kim},
   doi = {10.1002/INF2.12424},
   issn = {2567-3165},
   issue = {7},
   journal = {InfoMat},
   month = {6},
   pages = {e12424},
   publisher = {John Wiley & Sons, Ltd},
   title = {Advanced polymer materials-based electronic skins for tactile and non-contact sensing applications},
   volume = {5},
   url = {https://onlinelibrary.wiley.com/doi/full/10.1002/inf2.12424 https://onlinelibrary.wiley.com/doi/abs/10.1002/inf2.12424 https://onlinelibrary.wiley.com/doi/10.1002/inf2.12424},
   year = {2023},
}

@inbook{Seminara2012,
   author = {Lucia Seminara and Luigi Pinna and Marco Capurro and Maurizio Valle},
   doi = {10.5772/50112},
   isbn = {978-953-51-0798-9},
   booktitle = {Smart Actuation and Sensing Systems - Recent Advances and Future Challenges},
   month = {10},
   pages = {611-638},
   publisher = {IntechOpen},
   title = {A Tactile Sensing System Based on Arrays of Piezoelectric Polymer Transducers},
   url = {https://www.intechopen.com/chapters/39972 undefined/chapters/39972},
   year = {2012}
}
@article{Zhong2023,
   author = {Yan Zhong and Jiaqi Wang and Lei Han and Shengping Dai and Hao Zhu and Jing Hua and Guanggui Cheng and Jianning Ding},
   doi = {10.1016/J.SNA.2022.114013},
   issn = {0924-4247},
   journal = {Sensors and Actuators A: Physical},
   month = {1},
   pages = {114013},
   publisher = {Elsevier},
   title = {High-performance flexible self-powered triboelectric pressure sensor based on chemically modified micropatterned PDMS film},
   volume = {349},
   year = {2023}
}

@article{Tao2022,
   author = {Kai Tao and Zhensheng Chen and Jiahao Yu and Haozhe Zeng and Jin Wu and Zixuan Wu and Qingyan Jia and Peng Li and Yongqing Fu and Honglong Chang and Weizheng Yuan},
   doi = {10.1002/ADVS.202104168},
   issn = {2198-3844},
   issue = {10},
   journal = {Advanced Science},
   month = {1},
   pages = {2104168},
   pmid = {35098703},
   publisher = {John Wiley & Sons, Ltd},
   title = {Ultra-Sensitive, Deformable, and Transparent Triboelectric Tactile Sensor Based on Micro-Pyramid Patterned Ionic Hydrogel for Interactive Human–Machine Interfaces},
   volume = {9},
   url = {https://onlinelibrary.wiley.com/doi/full/10.1002/advs.202104168 https://onlinelibrary.wiley.com/doi/abs/10.1002/advs.202104168 https://onlinelibrary.wiley.com/doi/10.1002/advs.202104168},
   year = {2022}
}


@article{Ke2019,
   author = {Ang Ke and Jian Huang and Luyao Chen and Zhaolong Gao and Jiuqi Han and Changyong Wang and Jin Zhou and Jiping He},
   doi = {10.1109/JSEN.2019.2936304},
   issn = {15581748},
   issue = {23},
   journal = {IEEE Sensors Journal},
   month = {12},
   pages = {11100-11112},
   publisher = {Institute of Electrical and Electronics Engineers Inc.},
   title = {Fingertip Tactile Sensor with Single Sensing Element Based on FSR and PVDF},
   volume = {19},
   url = {https://ieeexplore.ieee.org/document/8805357},
   year = {2019}
}

@article{Lu2023,
   author = {Xiong Lu and Dong Sun and Hongbin Yin and Huafang Xu and Yuxing Yan and Changcheng Wu and Aaron Quigley},
   doi = {10.1109/TCDS.2022.3215021},
   issn = {23798939},
   issue = {4},
   journal = {IEEE Transactions on Cognitive and Developmental Systems},
   month = {12},
   pages = {1645-1655},
   publisher = {Institute of Electrical and Electronics Engineers Inc.},
   title = {3-D Tactile-Based Object Recognition for Robot Hands Using Force-Sensitive and Bend Sensor Arrays},
   volume = {15},
   year = {2023}
}




